@book{anomaly,
  title={Reconstruction of Small Inhomogeneities from Boundary Measurements},
  author={Ammari, Habib and Kang, Hyeonbae},
  publisher={Springer,},
  pages={263-264},
  year={2004},
}
@book{achenbach1980,
  title={Wave Propagation in Elastic Solids},
  author={Achenbach, Jan},
  publisher={North-Holland},
  pages={544},
  year={1980},
}
@article{lecture,
  title={Direct Reconstruction Methods in Ultrasound Imaging of Small Anomalies},
  author={Ammari, Habib and Garnier, Josselin and Jugnon, Vincent and Kang, Hyeonbae},
  volume={2035},
  number={2},
  pages={31-55},
  year={2012},
}
@book{ber84,
  title={Seismic migration : imaging of acoustic energy by wave field extrapolation},
  author={Author, A. J. Berkhout, and Y.-H. Pao, Reviewer},
  publisher={Elsevier Scientific Pub. Co},
  pages={682-683},
  year={1980},
}
@book{bcs,
  title={Multidimensional Seismic Inversion},
  author={Bleistein, N. and Jr, J. W. Stockwell and Cohen, J. K.},
  publisher={Springer New York},
  pages={1-23},
  year={2001},
}
@article{BHV,
  title={A direct impedance tomography algorithm for locating small inhomogeneities},
  author={Br¨¹hl, Martin and Hanke, Martin and Vogelius, Michael S.},
  journal={Numerische Mathematik},
  volume={93},
  number={4},
  pages={635-654},
  year={2003},
}
@article{ccm01,
  title={The Direct and Inverse Scattering Problems for Partially Coated Obstacles},
  author={Cakoni, F and Colton, D and Monk, P},
  journal={Inverse Problems},
  volume={17},
  number={6},
  pages={1997-2015(19)},
  year={2013},
}
@book{cla85,
  title={Imaging the earth's interior},
  author={Claerbout, Jon F.},
  publisher={Blackwell Scientific},
  pages={217-217},
  year={1985},
}
@book{colton-kress,
  title={Inverse acoustic and electromagnetic scattering theory},
  author={Colton, David and Kress, Rainer},
  volume={93},
  year={2012},
  publisher={Springer Science and Business Media}
}
@article{arens1999,
  title={A New Integral Equation Formulation for the Scattering of Plane Elastic Waves by Diffraction Gratings},
  author={Arens, T.},
  journal={Journal of Integral Equations and Applications},
  volume={11},
  number={3},
  pages={232¨C245},
  year={1999},
}
@article{nedelec2011,
  title={The outgoing time-harmonic elastic wave in a half-plane with free boundary},
  author={Dur{\'a}n, Mario and Muga, Ignacio and N{\'e}d{\'e}lec, Jean-Claude},
  journal={SIAM Journal on Applied Mathematics},
  volume={71},
  number={2},
  pages={443--464},
  year={2011},
  publisher={SIAM}
}
@article{sini2004,
  title={Absence of positive eigenvalues for the linearized elasticity system},
  author={Sini, Mourad},
  journal={Integral Equations and Operator Theory},
  volume={49},
  number={2},
  pages={255--277},
  year={2004},
  publisher={Springer}
}
@article{Yves1988,
  title={Scattering of elastic waves in a perturbed isotropic half space with a free boundary. The limiting absorption principle},
  author={Dermenjian, Yves and Guillot, Jean Claude},
  journal={Mathematical Methods in the Applied Sciences},
  volume={10},
  number={2},
  pages={87¨C124},
  year={1988},
}
@phdthesis{wilcox1975,
  title={Scattering Theory for the d'Alembert Equation in Exterior Domains},
  author={Wilcox, Calvin H.},
  school={Springer Berlin Heidelberg},
  year={1975},
}
@book{grafakos,
  title={Classical and modern Fourier analysis},
  author={Grafakos, Loukas},
  year={2004},
  publisher={Prentice Hall}
}
@book{leis,
  title={Initial Boundary Value Problems in Mathematical Physics},
  author={Leis, Rolf},
  publisher={J. Wiley},
  pages={354-355},
  year={1986},
}
@article{RTMhalf_aco,
  title={Reverse time migration for reconstructing extended obstacles in the half space},
  author={Chen, Zhiming and Huang, Guanghui},
  journal={Inverse Problems},
  volume={31},
  number={5},
  pages={055007},
  year={2015},
  publisher={IOP Publishing}
}
@book{ammari2013mathematical,
  title={Mathematical and statistical methods for multistatic imaging},
  author={Ammari, Habib and Garnier, Josselin and Jing, Wenjia and Kang, Hyeonbae and Lim, Mikyoung and S{\o}lna, Knut and Wang, Han},
  volume={2098},
  year={2013},
  publisher={Springer}
}
@book{Ahlfors1979Complex,
	title={Complex Analysis: An introduction to the theory of analytic functions of one complex variable},
	author={Ahlfors, Lars V},
	publisher={McGraw-Hill},
	pages={155-173},
	year={1979},
}
@article{ela_reverse,
	title={Elastic reverse-time migration},
	author={Chang, Wen Fong},
	journal={Geophysical Prospecting},
	volume={37},
	number={3},
	pages={243-256},
	year={1987},
}
@article{Zhang08,
	title={Practical issues of reverse time migration: true amplitude gathers, noise removal and harmonic-source encoding},
	author={Sun, J. and Zhang, Y. and Sun, J. and Zhang, Y.},
	journal={Aseg Extended Abstracts},
	volume={2009},
	number={3},
	pages={397-398},
	year={2008},
}
@article{Zhang2007,
	title={True-amplitude, angle-domain, common-image gathers from one-way wave-equation migrations},
	author={Zhang, Yu and Xu, Sheng and Bleistein, Norman and Zhang, Guanquan},
	journal={Geophysics},
	volume={72},
	number={1},
	pages={S49-S58},
	year={2007},
}
@book{Harris2001Linear,
	title={Linear elastic waves},
	author={Harris, Johng.},
	publisher={Cambridge University Press},
	pages={B26},
	year={2001},
}
@article{Guzina2006,
	title={A Radiation Condition for Layered Elastic Media},
	author={Madyarov, Andrew I. and Guzina, Bojan B.},
	journal={Journal of Elasticity},
	volume={82},
	number={1},
	pages={73-98},
	year={2006},
}
@book{Evans2010,
	title={Partial differential equations. 2nd ed},
	author={Evans, Lawrence C},
	publisher={Marcel Dekker,},
	pages={xxii+749},
	year={2010},
}
@book{Wong_Asymptotic,
	title={Asymptotic Approximations of Integrals},
	author={Wong, R. and Rheinboldt, Werner and Siewiorek, Daniel},
	year={1989},
}
@book{hsiao2008boundary,
	title={Boundary integral equations},
	author={Hsiao, George C and Wendland, Wolfgang L},
	volume={164},
	year={2008},
	publisher={Springer}
}